<?xml version="1.0" encoding="UTF-8"?><collection xmlns="http://www.loc.gov/MARC21/slim"><record><leader>00414nam--2200133-i-4500</leader><controlfield tag="001">000034310</controlfield><controlfield tag="002">20161230</controlfield><controlfield tag="005">20161230201040</controlfield><controlfield tag="008">060222s1000------------r-----000-0-eng-d</controlfield><datafield ind1=" " ind2=" " tag="100"><subfield code="a">Maddock, A.G., Sharpe, A.G</subfield></datafield><datafield ind1=" " ind2=" " tag="245"><subfield code="a">Recent aspects of the inorganic chemistry of nitrogen. report of symposium, cambridge 1957</subfield></datafield><datafield ind1=" " ind2=" " tag="260"><subfield code="a">London, The Chemical Society, 1957. 136p</subfield></datafield><datafield ind1=" " ind2=" " tag="490"><subfield code="a">Special Publication</subfield></datafield><datafield ind1=" " ind2=" " tag="852"><subfield code="a">14038</subfield></datafield></record></collection>